%% This BibTeX bibliography file was created using BibDesk.
%% https://bibdesk.sourceforge.io/

%% Created for Benjamin Skinner at 2018-10-17 18:39:07 -0400 


%% Saved with string encoding Unicode (UTF-8) 



% @article{me2018paper_four,
% 	Author = {Coauthor, First M. and Last, First M.},
% 	Keywords = {submitted},
% 	Title = {Paper four},
% 	Url = {https://github.com/btskinner/tex_cv/blob/master/papers/last_paper_four.pdf},
% 	Year = {2018}}

% @article{me2016paper_one,
% 	Author = {Last, First M.},
% 	Journal = {Journal of Academic Studies and Work},
% 	Keywords = {article},
% 	Number = {2},
% 	Pages = {30--45},
% 	Title = {Paper one},
% 	Url = {https://github.com/btskinner/tex_cv/blob/master/papers/last_paper_one.pdf},
% 	Volume = {45},
% 	Year = {2016}}

% @article{me2017paper_two,
% 	Author = {Last, First M.},
% 	Journal = {Under revise and resubmit},
% 	Keywords = {submitted},
% 	Title = {Paper two},
% 	Url = {https://github.com/btskinner/tex_cv/blob/master/papers/last_paper_two.pdf},
% 	Year = {2017}}

% @article{me2018paper_three,
% 	Author = {Last, First M.},
% 	Keywords = {working},
% 	Title = {Paper three},
% 	Url = {https://github.com/btskinner/tex_cv/blob/master/papers/last_paper_three.pdf},
% 	Year = {2018}}

% @inproceedings{me2014paper_one_conf,
% 	Author = {Last, First M.},
% 	Keywords = {conference, peer},
% 	Month = {March},
% 	Publisher = {Paper presented at the Association for Education Studies Annual Conference, Washington, D.C.},
% 	Title = {Paper one},
% 	Year = {2014}}

% @inproceedings{me2014paper_one_inv,
% 	Author = {Last, First M.},
% 	Keywords = {conference, invited},
% 	Month = {March},
% 	Publisher = {College University, City, ST},
% 	Title = {Paper one},
% 	Year = {2014}}

% @inproceedings{me2016paper_two_conf,
% 	Author = {Last, First M.},
% 	Keywords = {conference, peer},
% 	Month = {April},
% 	Publisher = {Paper presented at the Association for Education Studies Annual Conference, New York, NY},
% 	Title = {Paper two},
% 	Year = {2016}}

%% Papers (published, sibmitted, working)
@article{wang2020approximately,
  title={Approximately optimal spatial design: How good is it?},
  keywords={article},
  author={Wang, Yu and Le, Nhu D and Zidek, James V},
  journal={Spatial Statistics},
  pages={100409},
  year={2020},
  publisher={Elsevier},
  url={https://www.sciencedirect.com/science/article/pii/S2211675320300038}
}

@article{casquilho2018design,
  title={Design of monitoring networks using k-determinantal point processes},
  keywords={article},
  author={Casquilho-Resende, CM and Le, ND and Zidek, JV and Wang, Y},
  journal={Environmetrics},
  volume={29},
  number={1},
  pages={e2483},
  year={2018},
  publisher={Wiley Online Library},
  url={https://onlinelibrary.wiley.com/doi/full/10.1002/env.2483}
}

@InProceedings{pmlr-v108-wang20d,
  title={The Sylvester Graphical Lasso (SyGlasso)},
  keywords={article},
  author={Wang, Yu and Jang, Byoungwook and Hero, Alfred},
  booktitle={Proceedings of the Twenty Third International Conference on Artificial Intelligence and Statistics},
  pages={1943--1953},
  year={2020},
  volume={108},
  series={Proceedings of Machine Learning Research},
  month={26--28 Aug},
  publisher={PMLR},
  url={http://proceedings.mlr.press/v108/wang20d.html}
}

@article{wang2020hdsr,
	Author = {Wang, Yu and Hougen, Conrad and Oselio, Brandon and Dempsey, Walter and Hero, Alfred},
% 	Journal = {Harvard Data Science Review},
	Keywords = {submitted},
	Title = {A geometry-driven longitudinal topic model},
	Year = {2020}
}

@article{wang2020aistats21,
	Author = {Wang, Yu and Hero, Alfred},
% 	Journal = {Harvard Data Science Review},
	Keywords = {submitted},
	Title = {A proximal alternating linearized minimization method for tensor graphical models},
	Year = {2020}
}

@article{wang2020dpp,
	Author = {Wang, Yu and Le, Nhu D and Zidek, James V},
	Journal = {arXiv:1709.00151v3 [stat.CO]},
	Keywords = {submitted},
	Title = {Approximately Optimal Subset Selection for Statistical Design and Modelling},
	Year = {2019},
	Url = {https://arxiv.org/abs/1709.00151}
}


%% Presentations (contributed, invited)
@inproceedings{wang2020aromuri,
	Author = {Wang, Yu},
	Keywords = {conference, contributed},
	Month = {October},
	Booktitle = {Presentation at the fourth annual review for the ARO-MURI: Adaptive Exploitation of Non-Commutative Multimodal Information Structure, Ann Arbor, MI},
	Title = {Sylvester Graphical Models for Complex Spatio-Temporal Processes},
	Year = {2020}
}

@inproceedings{wang2020jsm,
	Author = {Wang, Yu},
	Keywords = {conference, contributed},
	Month = {August},
	Booktitle = {Conference proceedings talk at the 2020 Joint Statistical Meetings (JSM), Philadelphia, PA},
	Title = {The Sylvester Graphical Lasso (SyGlasso)},
	Year = {2020}
}

@inproceedings{wang2020aistats20,
	Author = {Wang, Yu},
	Keywords = {conference, contributed},
	Month = {August},
	Booktitle = {Conference proceedings talk at the AISTATS 2020, Palermo, Italy},
	Title = {The Sylvester Graphical Lasso (SyGlasso)},
	Year = {2020}
}

@inproceedings{wang2020midas,
	Author = {Wang, Yu},
	Keywords = {conference, invited},
	Month = {July},
	Booktitle = {Invited seminar talk in COVID-19 Data Science Research Special Webinar Series at the Michigan Institute for Data Science, Ann Arbor, MI},
	Title = {A scalable tool for longitudinal Twitter analysis: understanding the impact of COVID-19 on public discourse},
	Year = {2020}
}